@InProceedings{jlp98,
 title = {A Pragmatic Reconstruction of Lambda-Prolog},
 author = {Catherine Belleann√©e and Pascal Brisset and Olivier Ridoux},
 booktitle = {Journal of Logic Programming},
 year = {1998}
}

lambdap1: D.A. Miller and G. Nadathur. Higher-order logic programming. In E. Shapiro, editor, 3rd Int. Conf. Logic Programming, LNCS 225, pages 448--462, Springer-Verlan, 1986.


lambdap2: D.A. Miller, G. Nadathur, F. Pfenning, and A. Scedrov. Uniform proofs as a foundation for logic programming. Annals of Pure and Applied Logic, 51:125--157, 1991.

lambdap3: il libro di Dale sul lambdaProlog
